@inproceedings {rammer,
    author = {Lingxiao Ma and Zhiqiang Xie and Zhi Yang and Jilong Xue and Youshan Miao and Wei Cui and Wenxiang Hu and Fan Yang and Lintao Zhang and Lidong Zhou},
    title = {Rammer: Enabling Holistic Deep Learning Compiler Optimizations with rTasks},
    booktitle = {14th {USENIX} Symposium on Operating Systems Design and Implementation ({OSDI} 20)},
    year = {2020},
    isbn = {978-1-939133-19-9},
    pages = {881--897},
    url = {https://www.usenix.org/conference/osdi20/presentation/ma},
    publisher = {{USENIX} Association},
    month = nov,
}